<?xml version="1.0" encoding="UTF-8"?><collection xmlns="http://www.loc.gov/MARC21/slim"><record><leader>00658nam--2200169-i-4500</leader><controlfield tag="001">000010175</controlfield><controlfield tag="002">20161230</controlfield><controlfield tag="005">20161230201028</controlfield><controlfield tag="008">060222s1000------------r-----000-0-eng-d</controlfield><datafield ind1=" " ind2=" " tag="040"><subfield code="a">IFIN-HH</subfield></datafield><datafield ind1=" " ind2=" " tag="080"><subfield code="a">061.3:539.12.04:54:57</subfield></datafield><datafield ind1="1" ind2=" " tag="110"><subfield code="a">Comision Nacional De Energia Atomica</subfield></datafield><datafield ind1="1" ind2="0" tag="245"><subfield code="a">Actas de la reunion internacional sobre los efectos primarios de las radiaciones en quimica y biologia</subfield><subfield code="b">Proceedings of the international meeting on primary radiation effects in chemistry and biology, buenos aires, argentina march 9 14, 1970</subfield></datafield><datafield ind1=" " ind2=" " tag="260"><subfield code="a">Buenos Aires</subfield><subfield code="b">Er</subfield><subfield code="c">1970</subfield></datafield><datafield ind1=" " ind2=" " tag="300"><subfield code="a">XX + 221 P</subfield></datafield><datafield ind1=" " ind2=" " tag="852"><subfield code="a">36864</subfield><subfield code="c">539.12.04</subfield></datafield><datafield ind1=" " ind2=" " tag="CAT"><subfield code="a">Sys</subfield><subfield code="c">20120207</subfield><subfield code="h">133450</subfield></datafield></record></collection>